@book{hibbeler2003mechanics,
  title={Mechanics of materials},
  author={Hibbeler, Russell Charles},
  year={2003},
  publisher={Upper Saddle River New Jersey: Prentice Hall}
}

@misc{shear,
  title={Modulus of Rigidity},
  author={Engineering ToolBox},
  year={2005},
 url={https://www.engineeringtoolbox.com/modulus-rigidity-d_946.html}
}

@misc{quartz,
  title={Fused Quartz},
  author={Wikipedia},
 url={https://en.wikipedia.org/wiki/Fused_quartz}
}

@misc{becu,
  title={Beryllium Copper},
  author={AZo Materials},
 url={https://www.azom.com/article.aspx?ArticleID=6326}
}

@misc{alum,
  title={Yield Strength},
  author={Engineers Edge},
 url={https://www.engineersedge.com/material_science/yield_strength.html}
}

@misc{yield,
  title={Yield},
  author={Wikipedia},
 url={https://en.wikipedia.org/wiki/Yield_(engineering)}
}

@article{qual,
author = {Hagedorn,C. A.  and Schlamminger,S.  and Gundlach,J. H. },
title = {Quality Factors of Bare and Metal‚ÄêCoated Quartz and Fused Silica Torsion Fibers},
journal = {AIP Conference Proceedings},
volume = {873},
number = {1},
pages = {189-193},
year = {2006},
doi = {10.1063/1.2405041},

URL = { 
        https://aip.scitation.org/doi/abs/10.1063/1.2405041
    
},
eprint = { 
        https://aip.scitation.org/doi/pdf/10.1063/1.2405041
    
}

}


